@misc{war,
  title= {What is WAR?},
  author= {Piper Slowinski},
  year= {2015},
  month= {February},
  publisher= {FanGraphs},
  howpublished = {\url{https://library.fangraphs.com/misc/war/}},
}